@article{DBSCAN:2019,
  title =	 {\texttt{dbscan}: Fast Density-Based Clustering with
                  \textbf{R}},
  volume =	 91,
  url =
                  {https://www.jstatsoft.org/index.php/jss/article/view/v091i01},
  doi =		 {10.18637/jss.v091.i01},
  number =	 1,
  journal =	 {Journal of Statistical Software},
  author =	 {Hahsler, Michael and Piekenbrock, Matthew and Doran,
                  Derek},
  year =	 2019,
  pages =	 {1--30}
}

@article{Gower:1971,
  author =	 {Gower, J. C.},
  journal =	 {Biometrics},
  number =	 4,
  pages =	 {857--871},
  title =	 {A General Coefficient of Similarity and Some of Its
                  Properties},
  doi =		 {10.2307/2528823},
  url =		 {https://doi.org/10.2307/2528823},
  volume =	 27,
  year =	 1971
}

@article{Grambsch.Therneau:1994,
  author =	 {Grambsch, Patricia M. and Therneau, Terry M.},
  title =	 "{Proportional hazards tests and diagnostics based on
                  weighted residuals}",
  journal =	 {Biometrika},
  volume =	 81,
  number =	 3,
  pages =	 {515--526},
  year =	 1994,
  month =	 09,
  issn =	 {0006-3444},
  doi =		 {10.1093/biomet/81.3.515},
  url =		 {https://doi.org/10.1093/biomet/81.3.515},
}

@book{Kaufman.Rousseeuw:1990,
  author =	 {Leonard Kaufman and Peter J. Rousseeuw},
  year =	 1990,
  title =	 {Finding Groups in Data: An Introduction to Cluster
                  Analysis},
  doi =		 {10.1002/9780470316801},
  editor =	 {Wiley},
  address =	 {Hoboken, NY}
}

@article{McCullagh:1980,
  author =	 {McCullagh, Peter},
  title =	 {Regression Models for Ordinal Data},
  journal =	 {Journal of the Royal Statistical Society: Series B
                  (Methodological)},
  volume =	 42,
  number =	 2,
  pages =	 {109--127},
  doi =		 {10.1111/j.2517-6161.1980.tb01109.x},
  eprint =
                  {https://rss.onlinelibrary.wiley.com/doi/pdf/10.1111/j.2517-6161.1980.tb01109.x},
  year =	 1980
}

@Manual{R-base,
  title =	 {R: A Language and Environment for Statistical
                  Computing},
  author =	 {{R Core Team}},
  organization = {R Foundation for Statistical Computing},
  address =	 {Vienna, Austria},
  year =	 2021,
  url =		 {https://www.R-project.org/},
}

@Manual{R-bookdown,
  title =	 {bookdown: Authoring Books and Technical Documents
                  with R Markdown},
  author =	 {Yihui Xie},
  year =	 2021,
  note =	 {https://github.com/rstudio/bookdown},
}

@Manual{R-kableExtra,
  title =	 {kableExtra: Construct Complex Table with kable and
                  Pipe Syntax},
  author =	 {Hao Zhu},
  year =	 2021,
  note =	 {R package version 1.3.4},
  url =		 {https://CRAN.R-project.org/package=kableExtra},
}

@Manual{R-knitr,
  title =	 {knitr: A General-Purpose Package for Dynamic Report
                  Generation in R},
  author =	 {Yihui Xie},
  year =	 2021,
  note =	 {R package version 1.36},
  url =		 {https://yihui.org/knitr/},
}

@Manual{R-rmarkdown,
  title =	 {rmarkdown: Dynamic Documents for R},
  author =	 {JJ Allaire and Yihui Xie and Jonathan McPherson and
                  Javier Luraschi and Kevin Ushey and Aron Atkins and
                  Hadley Wickham and Joe Cheng and Winston Chang and
                  Richard Iannone},
  year =	 2021,
  note =	 {R package version 2.11},
  url =		 {https://CRAN.R-project.org/package=rmarkdown},
}

@article{Stensrud.Hernan:2020,
  author =	 {Stensrud, Mats J. and Hernán, Miguel A.},
  title =	 "{Why Test for Proportional Hazards?}",
  journal =	 {JAMA},
  volume =	 323,
  number =	 14,
  pages =	 {1401--1402},
  year =	 2020,
  month =	 04,
  issn =	 {0098-7484},
  doi =		 {10.1001/jama.2020.1267},
  url =		 {https://doi.org/10.1001/jama.2020.1267},
}

@Book{bookdown2016,
  title =	 {bookdown: Authoring Books and Technical Documents
                  with {R} Markdown},
  author =	 {Yihui Xie},
  publisher =	 {Chapman and Hall/CRC},
  address =	 {Boca Raton, Florida},
  year =	 2016,
  note =	 {ISBN 978-1138700109},
  url =		 {https://bookdown.org/yihui/bookdown},
}

@InCollection{knitr2014,
  booktitle =	 {Implementing Reproducible Computational Research},
  editor =	 {Victoria Stodden and Friedrich Leisch and Roger
                  D. Peng},
  title =	 {knitr: A Comprehensive Tool for Reproducible
                  Research in {R}},
  author =	 {Yihui Xie},
  publisher =	 {Chapman and Hall/CRC},
  year =	 2014,
  note =	 {ISBN 978-1466561595},
  url =		 {http://www.crcpress.com/product/isbn/9781466561595},
}

@Book{knitr2015,
  title =	 {Dynamic Documents with {R} and knitr},
  author =	 {Yihui Xie},
  publisher =	 {Chapman and Hall/CRC},
  address =	 {Boca Raton, Florida},
  year =	 2015,
  edition =	 {2nd},
  note =	 {ISBN 978-1498716963},
  url =		 {https://yihui.org/knitr/},
}

@article{mclust5,
  author =	 {Scrucca, Luca and Fop, Michael and Murphy,
                  T. Brendan and Raftery, Adrian E.},
  title =	 {\texttt{mclust} 5: Clustering, Classification and
                  Density Estimation Using {G}aussian Finite Mixture
                  Models},
  journal =	 {The R Journal},
  year =	 2016,
  url =		 {https://doi.org/10.32614/RJ-2016-021},
  doi =		 {10.32614/RJ-2016-021},
  volume =	 8,
  issue =	 1,
  issn =	 {2073-4859},
  pages =	 {289--317}
}

@Book{rmarkdown2018,
  title =	 {R Markdown: The Definitive Guide},
  author =	 {Yihui Xie and J.J. Allaire and Garrett Grolemund},
  publisher =	 {Chapman and Hall/CRC},
  address =	 {Boca Raton, Florida},
  year =	 2018,
  note =	 {ISBN 9781138359338},
  url =		 {https://bookdown.org/yihui/rmarkdown},
}

@Book{rmarkdown2020,
  title =	 {R Markdown Cookbook},
  author =	 {Yihui Xie and Christophe Dervieux and Emily
                  Riederer},
  publisher =	 {Chapman and Hall/CRC},
  address =	 {Boca Raton, Florida},
  year =	 2020,
  note =	 {ISBN 9780367563837},
  url =		 {https://bookdown.org/yihui/rmarkdown-cookbook},
}

@article{Gagolewski:2016,
title = {Genie: A new, fast, and outlier-resistant hierarchical clustering algorithm},
journal = {Information Sciences},
volume = {363},
pages = {8--23},
year = {2016},
issn = {0020-0255},
doi = {10.1016/j.ins.2016.05.003},
author = {Marek Gagolewski and Maciej Bartoszuk and Anna Cena},
}


@article{Tibshirani.Walther.Hastie:2001,
author = {Tibshirani, Robert and Walther, Guenther and Hastie, Trevor},
title = {Estimating the number of clusters in a data set via the gap statistic},
journal = {Journal of the Royal Statistical Society: Series B (Statistical Methodology)},
volume = {63},
number = {2},
pages = {411--423},
doi = {10.1111/1467-9868.00293},
url = {https://rss.onlinelibrary.wiley.com/doi/abs/10.1111/1467-9868.00293},
year = {2001}
}

@Manual{R-base,
  title = {R: A Language and Environment for Statistical Computing},
  author = {{R Core Team}},
  organization = {R Foundation for Statistical Computing},
  address = {Vienna, Austria},
  year = {2022},
  url = {https://www.R-project.org/},
}

@Manual{R-bookdown,
  title = {bookdown: Authoring Books and Technical Documents with R Markdown},
  author = {Yihui Xie},
  year = {2022},
  note = {R package version 0.27},
  url = {https://CRAN.R-project.org/package=bookdown},
}

@Manual{R-kableExtra,
  title = {kableExtra: Construct Complex Table with kable and Pipe Syntax},
  author = {Hao Zhu},
  year = {2021},
  note = {R package version 1.3.4},
  url = {https://CRAN.R-project.org/package=kableExtra},
}

@Manual{R-knitr,
  title = {knitr: A General-Purpose Package for Dynamic Report Generation in R},
  author = {Yihui Xie},
  year = {2022},
  note = {R package version 1.39},
  url = {https://yihui.org/knitr/},
}

@Manual{R-rmarkdown,
  title = {rmarkdown: Dynamic Documents for R},
  author = {JJ Allaire and Yihui Xie and Jonathan McPherson and Javier Luraschi and Kevin Ushey and Aron Atkins and Hadley Wickham and Joe Cheng and Winston Chang and Richard Iannone},
  year = {2022},
  note = {R package version 2.14},
  url = {https://CRAN.R-project.org/package=rmarkdown},
}

@Book{bookdown2016,
  title = {bookdown: Authoring Books and Technical Documents with {R} Markdown},
  author = {Yihui Xie},
  publisher = {Chapman and Hall/CRC},
  address = {Boca Raton, Florida},
  year = {2016},
  note = {ISBN 978-1138700109},
  url = {https://bookdown.org/yihui/bookdown},
}

@Book{knitr2015,
  title = {Dynamic Documents with {R} and knitr},
  author = {Yihui Xie},
  publisher = {Chapman and Hall/CRC},
  address = {Boca Raton, Florida},
  year = {2015},
  edition = {2nd},
  note = {ISBN 978-1498716963},
  url = {https://yihui.org/knitr/},
}

@InCollection{knitr2014,
  booktitle = {Implementing Reproducible Computational Research},
  editor = {Victoria Stodden and Friedrich Leisch and Roger D. Peng},
  title = {knitr: A Comprehensive Tool for Reproducible Research in {R}},
  author = {Yihui Xie},
  publisher = {Chapman and Hall/CRC},
  year = {2014},
  note = {ISBN 978-1466561595},
  url = {http://www.crcpress.com/product/isbn/9781466561595},
}

@Book{rmarkdown2018,
  title = {R Markdown: The Definitive Guide},
  author = {Yihui Xie and J.J. Allaire and Garrett Grolemund},
  publisher = {Chapman and Hall/CRC},
  address = {Boca Raton, Florida},
  year = {2018},
  note = {ISBN 9781138359338},
  url = {https://bookdown.org/yihui/rmarkdown},
}

@Book{rmarkdown2020,
  title = {R Markdown Cookbook},
  author = {Yihui Xie and Christophe Dervieux and Emily Riederer},
  publisher = {Chapman and Hall/CRC},
  address = {Boca Raton, Florida},
  year = {2020},
  note = {ISBN 9780367563837},
  url = {https://bookdown.org/yihui/rmarkdown-cookbook},
}

﻿@Article{Gagolewski:2021,
author={Gagolewski, Marek},
title={\texttt{genieclust}: Fast and robust hierarchical clustering},
journal={SoftwareX},
year={2021},
month={Jul},
day={01},
publisher={Elsevier},
volume={15},
issn={2352-7110},
doi={10.1016/j.softx.2021.100722},
url={https://doi.org/10.1016/j.softx.2021.100722}
}


